<?xml version="1.0" encoding="UTF-8"?>
<record xmlns="http://www.loc.gov/MARC21/slim">
   <leader>01162cam a22003015  4500</leader>
   <controlfield tag="001">2835243</controlfield>
   <controlfield tag="003">NjP</controlfield>
   <controlfield tag="005">20190705145011.0</controlfield>
   <controlfield tag="008">991204s1949    ua            100 0 ara d</controlfield>
   <datafield tag="024" ind1="7" ind2=" ">
      <subfield code="a">princeton_aco004775</subfield>
      <subfield code="2">local</subfield>
   </datafield>
   <datafield ind1=" " ind2=" " tag="040">
      <subfield code="a">PUL</subfield>
      <subfield code="c">PUL</subfield>
      <subfield code="d">PUL</subfield>
   </datafield>
   <datafield ind1=" " ind2=" " tag="035">
      <subfield code="9">CNR7723TS</subfield>
   </datafield>
   <datafield ind1=" " ind2=" " tag="035">
      <subfield code="a">(NjP)2835243</subfield>
   </datafield>
   <datafield ind1=" " ind2=" " tag="049">
      <subfield code="a">PULL</subfield>
   </datafield>
   <datafield ind1=" " ind2=" " tag="035">
      <subfield code="a">(OCoLC)ocm42932783</subfield>
   </datafield>
   <datafield ind1="2" ind2=" " tag="111">
      <subfield code="a">United Nations Conference on Trade and Employment</subfield>
      <subfield code="d">(1947-1948 :</subfield>
      <subfield code="c">Havana, Cuba)</subfield>
   </datafield>
   <datafield ind1="1" ind2="0" tag="245">
      <subfield code="6">880-01</subfield>
      <subfield code="a">Mīthāq Hāfānā bi-inshāʼ hayʼah dawlīyah li-l-tijārah.</subfield>
   </datafield>
   <datafield ind1=" " ind2=" " tag="260">
      <subfield code="a">[Cairo]</subfield>
      <subfield code="b">b</subfield>
      <subfield code="c">1949.</subfield>
   </datafield>
   <datafield ind1=" " ind2=" " tag="300">
      <subfield code="a">173 p.</subfield>
      <subfield code="c">24 cm.</subfield>
   </datafield>
   <datafield ind1=" " ind2=" " tag="546">
      <subfield code="a">Title-page and text in Arabic.</subfield>
   </datafield>
   <datafield ind1=" " ind2=" " tag="500">
      <subfield code="6">880-02</subfield>
      <subfield code="a">At head of title: Wizārat al-mālīyah.</subfield>
   </datafield>
   <datafield ind1=" " ind2=" " tag="500">
      <subfield code="a">The Havana charter for an international trade organization.</subfield>
   </datafield>
   <datafield ind1="1" ind2=" " tag="710">
      <subfield code="6">880-03</subfield>
      <subfield code="a">Egypt.</subfield>
      <subfield code="b">Wizārat al-Mālīyah.</subfield>
      <subfield code="0">http://id.loc.gov/authorities/names/n82153755</subfield>
   </datafield>
   <datafield ind1="1" ind2="0" tag="880">
      <subfield code="6">245-01/r</subfield>
      <subfield code="a">ميثاق هافانا بانشاء هيئه دولية للتجارة.</subfield>
   </datafield>
   <datafield ind1=" " ind2=" " tag="880">
      <subfield code="6">500-02/r</subfield>
      <subfield code="a">At head of title: وزارة المالية.</subfield>
   </datafield>
   <datafield ind1="1" ind2=" " tag="880">
      <subfield code="6">710-03/r</subfield>
      <subfield code="a">مصر.</subfield>
      <subfield code="b">وزارة المالية.</subfield>
   </datafield>
   <datafield ind1=" " ind2=" " tag="911">
      <subfield code="a">20000220</subfield>
   </datafield>
   <datafield ind1=" " ind2=" " tag="994">
      <subfield code="a">C0</subfield>
      <subfield code="b">PUL</subfield>
   </datafield>
   <datafield ind1=" " ind2=" " tag="999">
      <subfield code="a">2835243</subfield>
   </datafield>
   <datafield ind1=" " ind2=" " tag="979">
      <subfield code="a">(OCoLC)ocn178133082</subfield>
   </datafield>
   <datafield ind1="8" ind2="0" tag="852">
      <subfield code="0">3147702</subfield>
      <subfield code="b">rcppa</subfield>
      <subfield code="t">1</subfield>
      <subfield code="h">2276.9352.364</subfield>
      <subfield code="x">tr fr f</subfield>
   </datafield>
   <datafield ind1=" " ind2=" " tag="959">
      <subfield code="a">2009-07-02 15:26:28 -0500</subfield>
   </datafield>
</record>
